%% This BibTeX bibliography file was created using BibDesk.
%% http://bibdesk.sourceforge.net/

%% Created for Sophie Wood at 2018-05-12 11:26:41 +0100 


%% Saved with string encoding Unicode (UTF-8) 



@book{bartels2012strategies,
	Author = {Bartels, Bjoern and Ermel, Ulrich and Sandborn, Peter and Pecht, Michael G},
	Date-Added = {2018-05-12 10:26:39 +0000},
	Date-Modified = {2018-05-12 10:26:39 +0000},
	Publisher = {John Wiley \& Sons},
	Title = {Strategies to the prediction, mitigation and management of product obsolescence},
	Volume = {87},
	Year = {2012}}

@article{sandborn2007obsolescence,
	Author = {Sandborn, Peter},
	Date-Added = {2018-05-12 10:04:15 +0000},
	Date-Modified = {2018-05-12 10:04:34 +0000},
	Journal = {IEEE Transactions on Components and Packaging Technologies},
	Number = {4},
	Pages = {886--888},
	Title = {Software obsolescence-Complicating the part and technology obsolescence management problem},
	Volume = {30},
	Year = {2007}}

@article{bruneliere2014modisco,
	Author = {Bruneliere, Hugo and Cabot, Jordi and Dup{\'e}, Gr{\'e}goire and Madiot, Fr{\'e}d{\'e}ric},
	Date-Added = {2018-05-11 20:27:14 +0000},
	Date-Modified = {2018-05-12 10:04:52 +0000},
	Journal = {Information and Software Technology},
	Number = {8},
	Pages = {1012--1032},
	Publisher = {Elsevier},
	Title = {Modisco: A model driven reverse engineering framework},
	Volume = {56},
	Year = {2014}}
